<?xml version="1.0" encoding="UTF-8"?><record xmlns="http://www.loc.gov/MARC21/slim" xmlns:cinclude="http://apache.org/cocoon/include/1.0" xmlns:zs="http://www.loc.gov/zing/srw/">
  <leader>00363nz  a2200121n  4500</leader>
  <controlfield tag="001">n  97049287 </controlfield>
  <controlfield tag="003">DLC</controlfield>
  <controlfield tag="005">19970512105850.8</controlfield>
  <controlfield tag="008">970509n| acannaab|          |n ana |||  </controlfield>
  <datafield tag="010" ind1=" " ind2=" ">
    <subfield code="a">n  97049287 </subfield>
  </datafield>
  <datafield tag="040" ind1=" " ind2=" ">
    <subfield code="a">DLC</subfield>
    <subfield code="c">DLC</subfield>
  </datafield>
  <datafield tag="110" ind1="2" ind2="0">
    <subfield code="a">Interreligious Council of San Diego</subfield>
  </datafield>
  <datafield tag="670" ind1=" " ind2=" ">
    <subfield code="a">Bridging our faiths, 1997:</subfield>
    <subfield code="b">CIP t.p. (Interreligious Council of San Diego) galley (f. 1991)</subfield>
  </datafield>
</record>